@article{adhikari2013introductory,
  title={An introductory study on time series modeling and forecasting},
  author={Adhikari, Ratnadip and Agrawal, Ramesh K},
  journal={arXiv preprint arXiv:1302.6613},
  year={2013}
}

@article{allen2017primer,
  title={A primer on stochastic epidemic models: Formulation, numerical simulation, and analysis},
  author={Allen, Linda JS},
  journal={Infectious Disease Modelling},
  volume={2},
  number={2},
  pages={128--142},
  year={2017},
  publisher={Elsevier}
}

@article{boyle2012gait,
  title={Gait modulation in C. elegans: an integrated neuromechanical model},
  author={Boyle, Jordan Hylke and Berri, Stefano and Cohen, Netta},
  journal={Frontiers in computational neuroscience},
  volume={6},
  pages={10},
  year={2012},
  publisher={Frontiers}
}

@book{brockwell2016introduction,
  title={Introduction to time series and forecasting},
  author={Brockwell, Peter J and Davis, Richard A},
  year={2016},
  publisher={springer}
}

@article{coutin2018fractional,
  title={On a fractional stochastic Hodgkin--Huxley model},
  author={Coutin, Laure and Guglielmi, Jean-Marc and Marie, Nicolas},
  journal={International Journal of Biomathematics},
  volume={11},
  number={05},
  pages={1850061},
  year={2018},
  publisher={World Scientific}
}

@incollection{doucet2001introduction,
  title={An introduction to sequential Monte Carlo methods},
  author={Doucet, Arnaud and De Freitas, Nando and Gordon, Neil},
  booktitle={Sequential Monte Carlo methods in practice},
  pages={3--14},
  year={2001},
  publisher={Springer}
}

@article{doucet2002marginal,
  title={Marginal maximum a posteriori estimation using Markov chain Monte Carlo},
  author={Doucet, Arnaud and Godsill, Simon J and Robert, Christian P},
  journal={Statistics and Computing},
  volume={12},
  number={1},
  pages={77--84},
  year={2002},
  publisher={Springer}
}

@article{du2006dynamics,
  title={Dynamics of a stochastic Lotka--Volterra model perturbed by white noise},
  author={Du, Nguyen Huu and Sam, Vu Hai},
  journal={Journal of mathematical analysis and applications},
  volume={324},
  number={1},
  pages={82--97},
  year={2006},
  publisher={Elsevier}
}

@article{edwards2011precalibrating,
  title={Precalibrating an intermediate complexity climate model},
  author={Edwards, Neil R and Cameron, David and Rougier, Jonathan},
  journal={Climate dynamics},
  volume={37},
  number={7-8},
  pages={1469--1482},
  year={2011},
  publisher={Springer}
}

@inproceedings{fallon2012efficient,
  title={Efficient scene simulation for robust Monte Carlo localization using an RGB-D camera},
  author={Fallon, Maurice F and Johannsson, Hordur and Leonard, John J},
  booktitle={2012 IEEE international conference on robotics and automation},
  pages={1663--1670},
  year={2012},
  organization={IEEE}
}

@article{fox1997stochastic,
  title={Stochastic versions of the Hodgkin-Huxley equations},
  author={Fox, Ronald F},
  journal={Biophysical journal},
  volume={72},
  number={5},
  pages={2068--2074},
  year={1997},
  publisher={Elsevier}
}

@inproceedings{germain2015made,
  title={Made: Masked autoencoder for distribution estimation},
  author={Germain, Mathieu and Gregor, Karol and Murray, Iain and Larochelle, Hugo},
  booktitle={International Conference on Machine Learning},
  pages={881--889},
  year={2015}
}

@inproceedings{gershman2014amortized,
  title={Amortized inference in probabilistic reasoning},
  author={Gershman, Samuel and Goodman, Noah},
  booktitle={Proceedings of the annual meeting of the cognitive science society},
  volume={36},
  number={36},
  year={2014}
}

@article{goldwyn2011hh,
    author = {Goldwyn, Joshua H. AND Shea-Brown, Eric},
    journal = {PLOS Computational Biology},
    publisher = {Public Library of Science},
    title = {The What and Where of Adding Channel Noise to the Hodgkin-Huxley Equations},
    year = {2011},
    month = {11},
    volume = {7},
    pages = {1-9},
    number = {11},
}

@article{ha2016hypernetworks,
  title={Hypernetworks},
  author={Ha, David and Dai, Andrew and Le, Quoc V},
  journal={arXiv preprint arXiv:1609.09106},
  year={2016}
}

@article{kalman1960new,
    Author = {Kalman, R.},
    Title = {A New Approach to Linear Filtering and Prediction Problems},
    Journal = {Transactions of the ASME--Journal of Basic Engineering},
    Volume = {82},
    Number = {Series D},
    Pages = {35--45},
    Year = {1960}
}

@article{kantas2015particle,
  title={On particle methods for parameter estimation in state-space models},
  author={Kantas, Nikolas and Doucet, Arnaud and Singh, Sumeetpal S and Maciejowski, Jan and Chopin, Nicolas and others},
  journal={Statistical science},
  volume={30},
  number={3},
  pages={328--351},
  year={2015},
  publisher={Institute of Mathematical Statistics}
}

@article{kingma2014adam,
  title={Adam: A method for stochastic optimization},
  author={Kingma, Diederik P and Ba, Jimmy},
  journal={arXiv preprint arXiv:1412.6980},
  year={2014}
}

@inproceedings{kingma2018glow,
  title={Glow: Generative flow with invertible 1x1 convolutions},
  author={Kingma, Durk P and Dhariwal, Prafulla},
  booktitle={Advances in Neural Information Processing Systems},
  pages={10215--10224},
  year={2018}
}

@inproceedings{kingma2016improved,
  title={Improved variational inference with inverse autoregressive flow},
  author={Kingma, Durk P and Salimans, Tim and Jozefowicz, Rafal and Chen, Xi and Sutskever, Ilya and Welling, Max},
  booktitle={Advances in neural information processing systems},
  pages={4743--4751},
  year={2016}
}

@inproceedings{larochelle2011neural,
  title={The neural autoregressive distribution estimator},
  author={Larochelle, Hugo and Murray, Iain},
  booktitle={Proceedings of the Fourteenth International Conference on Artificial Intelligence and Statistics},
  pages={29--37},
  year={2011}
}

@inproceedings{le2016inference,
  author = {Le, Tuan Anh and Baydin, Atılım Güneş and Wood, Frank},
  booktitle = {Proceedings of the 20th International Conference on Artificial Intelligence and Statistics (AISTATS)},
  title = {Inference Compilation and Universal Probabilistic Programming},
  year = {2017},
  volume = {54},
  pages = {1338--1348},
  series = {Proceedings of Machine Learning Research},
  address = {Fort Lauderdale, FL, USA},
  publisher = {PMLR}
}

@article{lopes2011finance,
author = {Lopes, Hedibert F. and Tsay, Ruey S.},
title = {Particle filters and Bayesian inference in financial econometrics},
journal = {Journal of Forecasting},
volume = {30},
number = {1},
pages = {168-209},
keywords = {particle learning, sequential Monte Carlo, Markov chain Monte Carlo, stochastic volatility, realized volatility, Nelson–Siegel model},
doi = {10.1002/for.1195},
year = {2011}
}

@article{lucas2013failure,
  title={Failure analysis of parameter-induced simulation crashes in climate models},
  author={Lucas, DD and Klein, R and Tannahill, J and Ivanova, D and Brandon, S and Domyancic, D and Zhang, Y},
  journal={Geoscientific Model Development},
  volume={6},
  number={4},
  pages={1157--1171},
  year={2013},
  publisher={Copernicus GmbH}
}

@inproceedings{papamakarios2019sequential,
  title={Sequential Neural Likelihood: Fast Likelihood-free Inference with Autoregressive Flows},
  author={Papamakarios, George and Sterratt, David and Murray, Iain},
  booktitle={The 22nd International Conference on Artificial Intelligence and Statistics},
  pages={837--848},
  year={2019}
}

@inproceedings{lueckmann2019likelihood,
  title={Likelihood-free inference with emulator networks},
  author={Lueckmann, Jan-Matthis and Bassetto, Giacomo and Karaletsos, Theofanis and Macke, Jakob H},
  booktitle={Symposium on Advances in Approximate Bayesian Inference},
  pages={32--53},
  year={2019}
}

@article{LV200874,
title = "Individualism in plant populations: Using stochastic differential equations to model individual neighbourhood-dependent plant growth",
journal = "Theoretical Population Biology",
volume = "74",
number = "1",
pages = "74 - 83",
year = "2008",
issn = "0040-5809",
doi = "https://doi.org/10.1016/j.tpb.2008.05.003",
author = "Qiming Lv and Manuel K. Schneider and Jonathan W. Pitchford",
keywords = "Neighbourhood competition, Size hierarchies, Stochasticity, Bayesian statistics, Gompertz growth, Von Bertalanffy growth, Zones of influence"
}

@book{mackay2003information,
  title={Information theory, inference and learning algorithms},
  author={MacKay, David JC},
  year={2003},
  publisher={Cambridge university press}
}

@Article{Mbalawata2013,
  title={Parameter estimation in stochastic differential equations with Markov chain Monte Carlo and non-linear Kalman filtering},
  author={Mbalawata, Isambi S and S{\"a}rkk{\"a}, Simo and Haario, Heikki},
  journal={Computational Statistics},
  volume={28},
  number={3},
  pages={1195--1223},
  year={2013},
  publisher={Springer}
}

@article{moller2011parameter,
  title={Parameter estimation in a simple stochastic differential equation for phytoplankton modelling},
  author={M{\o}ller, Jan Kloppenborg and Madsen, Henrik and Carstensen, Jacob},
  journal={Ecological modelling},
  volume={222},
  number={11},
  pages={1793--1799},
  year={2011},
  publisher={Elsevier}
}

@inproceedings{papamakarios2017masked,
  title={Masked autoregressive flow for density estimation},
  author={Papamakarios, George and Pavlakou, Theo and Murray, Iain},
  booktitle={Advances in Neural Information Processing Systems},
  pages={2338--2347},
  year={2017}
}

@inproceedings{paszke2017automatic,
  title={Automatic Differentiation in {PyTorch}},
  author={Paszke, Adam and Gross, Sam and Chintala, Soumith and Chanan, Gregory and Yang, Edward and DeVito, Zachary and Lin, Zeming and Desmaison, Alban and Antiga, Luca and Lerer, Adam},
  booktitle={NIPS Autodiff Workshop},
  year={2017}
}

@article{stochchem,
 ISSN = {00337587, 19385404},
 author = {Simon M. Pimblott and Jay A. LaVerne},
 journal = {Radiation Research},
 number = {1},
 pages = {12--23},
 publisher = {Radiation Research Society},
 title = {Comparison of Stochastic and Deterministic Methods for Modeling Spur Kinetics},
 volume = {122},
 year = {1990}
}

@article{RAZAVI201995,
title = "VARS-TOOL: A toolbox for comprehensive, efficient, and robust sensitivity and uncertainty analysis",
journal = "Environmental Modelling \& Software",
volume = "112",
pages = "95 - 107",
year = "2019",
issn = "1364-8152",
author = "Saman Razavi and Razi Sheikholeslami and Hoshin V. Gupta and Amin Haghnegahdar"
}

@article{reddy2016simulating,
  title={Simulating stock prices using geometric Brownian motion: Evidence from Australian companies},
  author={Reddy, Krishna and Clinton, Vaughan},
  journal={Australasian Accounting, Business and Finance Journal},
  volume={10},
  number={3},
  pages={23--47},
  year={2016}
}

@incollection{renard2013stochastic,
  title={Stochastic versus deterministic approaches},
  author={Renard, Philippe and Alcolea, Andres and Gingsbourger, D},
  booktitle={Environmental Modelling: Finding Simplicity in Complexity, Second Edition (eds J. Wainwright and M. Mulligan)},
  pages={133--149},
  year={2013},
  publisher={Wiley Online Library}
}

@article{Saarinen2008hh,
    author = {Saarinen, Antti AND Linne, Marja-Leena AND Yli-Harja, Olli},
    journal = {PLOS Computational Biology},
    publisher = {Public Library of Science},
    title = {Stochastic Differential Equation Model for Cerebellar Granule Cell Excitability},
    year = {2008},
    month = {02},
    volume = {4},
    pages = {1-11},
    number = {2},
    doi = {10.1371/journal.pcbi.1000004}
}

@Article{gmd2019crash,
AUTHOR = {Sheikholeslami, R. and Razavi, S. and Haghnegahdar, A.},
TITLE = {What do we do  with model simulation crashes?  Recommendations for global sensitivity analysis  of earth  and environmental systems models},
JOURNAL = {Geoscientific Model Development Discussions},
VOLUME = {2019},
YEAR = {2019},
PAGES = {1--32},
DOI = {10.5194/gmd-2019-17}
}

@article{thrun2001robust,
  title={Robust Monte Carlo localization for mobile robots},
  author={Thrun, Sebastian and Fox, Dieter and Burgard, Wolfram and Dellaert, Frank},
  journal={Artificial intelligence},
  volume={128},
  number={1-2},
  pages={99--141},
  year={2001},
  publisher={Elsevier}
}

@inproceedings{todorov2012mujoco,
  title={Mujoco: A physics engine for model-based control},
  author={Todorov, Emanuel and Erez, Tom and Tassa, Yuval},
  booktitle={2012 IEEE/RSJ International Conference on Intelligent Robots and Systems},
  pages={5026--5033},
  year={2012},
  organization={IEEE}
}
